@article{bib:HELMHOLTZ_FURUSHO_EN,
  title={Edge filter for road white-line detection using brightness gradient approximation by discrete values},
  author={Hiroyuki Furushou and Hiroshi Mouri},
  journal={Journal of Advanced Mechanical Design, Systems, and Manufacturing},
  volume={11},
  number={2},
  pages={JAMDSM0029-JAMDSM0029},
  year={2017},
  doi={10.1299/jamdsm.2017jamdsm0029}
}
