% How To Use (https://ja.wikipedia.org/wiki/BibTeX)

@article{bib:Image-Based_Vibration_Extraction_old,
  author          = "Taito Manabe and Yuichiro Shibata",
  journal         = "IEICE Transsactions on Fundamentals of Electronics Communications and Computer Sciences",
  title           = "Real-Time Image-Based Vibration Extraction with Memory-Efficient Optical Flow and Block-Based Adaptive Filter",
  number          = {{DOI:10.1587/transfun.2022VLP0009}},
  year            = {2022}
}

@article{bib:Image-Based_Vibration_Extraction,
  title="Real-Time Image-Based Vibration Extraction with Memory-Efficient Optical Flow and Block-Based Adaptive Filter",
  author="Taito manabe and Yuichiro shibata",
  journal="IEICE Transactions on Fundamentals of Electronics, Communications and Computer Sciences",
  volume="E106.A",
  number="3",
  pages="504-513",
  year=2023,
  doi="10.1587/transfun.2022VLP0009"
}


@article{bib:neck_surgery,
author = "Annastiina Husso",
title  = "Development of reconstructive head and neck surgery: special emphasis on novel applications of microsurgery",
year = 2018
}

@article{bib:reconstructive_microsurgery_old,
author = {{Robinson and Peter Hague}},
title  = {{Articial conduits in reconstructive microsurgery}},
year   = {1989}
}
@book{bib:reconstructive_microsurgery,
author = "Robinson, {Peter Hague}",
title  = "Articial conduits in reconstructive microsurgery",
year   = "1989",
publisher = "s.n",
}

@article{bib:Adaptive_cancelling,
author="C.N.Riviere and R.S.Rader and N.V.Thakor",
title="Adaptive cancelling of physiological tremor for improved precision in microsurgery",
journal="IEEE Transactions on Biomedical Engineering",
ISSN="0018-9294",
publisher="Institute of Electrical and Electronics Engineers (IEEE)",
year="1998",
volume="45",
pages="839-846",
number="7",
DOI="10.1109/10.686791"
}

@article{bib:Design_and_Validation,
author="E.Rocon and J.M.Belda-Lois and A.F.Ruiz and M.Manto and J.C.Moreno and J.L.Pons",
title="Design and Validation of a Rehabilitation Robotic Exoskeleton for Tremor Assessment and Suppression",
journal="IEEE Transactions on Neural Systems and Rehabilitation Enginering",
volume=15,
number=3,
pages= "367-378",
year=2007
}


@article{bib:BMFLC,
author  = "K.C.Veluvolu and U.X.Tan and W.T.Latt and C.Y.Shee and W.T.Ang",
title   = "Bandlimited Multiple Fourier Liner Combiner for Real-time Tremor Compensation",
journal = "Annual International Conference of the IEEE Engineering in Medicine and Biology Society (EMBC)",
pages   = "2847-2850",
year    = 2007
}

@article{bib:WFLC,
author  = {{Cameron N. Riviere,R Scott Rader,and Nitish V .Thaker}},
title   = {{Adaptive canceling of physiological tremor for improved precision in microsurgery}},
journal = {{IEEE Transactions on Biomedical Engineering}},
volume  = {45},
number  = {7},
pages   = {839-846},
year    = {1998}
}

@article{bib:SVM,
author  = {{Bilge Soran,Jenq-Neng Hwang,Su-In Lee,and Linda Shapiro}},
title   = {{Tremor detction using motion filtering and svm}},
journal = {{In Proc.International Conference on pattern Recognition(ICPR)}},
pages   = {178-191},
year = {2012}
}

@article{bib:LK_method,
author  = {{Bruce D.Lucas and Takeo Kanade}},
title   = {{An iterative image registration techniqu with an application to stereo vision}},
journal = {{International Joint Conference on Artifical Intelligence(IJCA)}},
volume  = {2},
pages   = {674-679},
year    = {1981}
}

@mastersthesis{bib:kensyo_master,
author  = "山下 恵三",
title   = "{FPGAリアルタイム画像処理システム向け検証プラットフォームの実装と評価}",
school  = "長崎大学院 工学研究科 総合工学専攻 情報工学コース",
year    = 2023,
type    = "修士論文"
}

@article{bib:kensyo,
author = "山下 惠三，眞邉 泰斗，柴田 裕一郎",
title  = "{リアルタイム画像処理システムの定量的評価のためのFPGA SoCを用いた環境構築}",
journal = "信学技報",
volume = "122",
number = "174",
pages = "41-46",
year = "2022"
}

@article{bib:kensyo_eng,
author = "Keizo Yamashita and Taito Manabe and Yuichiro Shibata",
title  = "[FPGA SoC-based environment for quantitative evaluation of real-time image processing systems]Riarutaimu gazou shori shisutemu no teiryou-teki hyouka no tame no FPGA SoC o mochiita kankyou kouchiku(in Japanese)",
journal = "IEICE Technical Report",
volume = "122",
number = "174",
pages = "41-46",
year = "2022"
}


@article{bib:Image-Based_Vibration_Extraction_old,
author  = {{Taito Manabe,Kazuya Uetsuhara,Akane Tahara, and Yuichiro Shibata}},
title   = {{FPGA implementation and evaluation of a real-time image-based vibration detection system with daptive filtering}},
journal = {{IEICE Transactions on Fundamentals of Electronics,Communications and Computer Sciences}},
volume  = {{E103.A}},
number  = {12},
pages   = {1472-1480},
year    = {2020}
}


@article{bib:tremor_reproduction,
author  = "田中 将勝，諸麥 俊司，柴田 裕一郎，北岡 隆，上松 聖典",
title   = "手術器具振動抑制装置の定量的評価を目的とする生理的振戦再現装置の開発",
journal = "2022年 電子・情報・システム部門大会講演論文集",
pages   = "999-1004",
year    = 2022

}

@article{bib:tremor_reproduction_eng,
author  = "Masakatsu Tanaka and Shunji Moromugi and Yuichiro Shibata and Takashi Kitaoka and Masafumi Uematsu",
title   = "[Development of a Physiological Tremor Reproduction Device for Quantitative Evaluation of Surgical Instrument Vibration Suppression Devices]Development of a Physiological Tremor Reproduction Device for Quantitative Evaluation of Surgical Instrument Vibration Suppression Devices(in Japanese)",
journal = "2022 Proceedings of the ... Electronics, Information and Systems Conference Electronics, Information and Sustems Society, I.E.E. of Japan",
pages   = "999-1004",
year    = 2022

}



@book{bib:LMC,
title  = {Adaptive Signal Processing},
editor  = {Bernard Windrow, Samuel D.Stearns},
year = 1985,
publisher = {Prentice Hall}
}

@article{bib:RHOG,
author = "Zhaojie Luo and Jinhui Chen and Tetsuya Takiguchi and Yasuo Ariki",
title = "Rotation-invariant Histograms of Oriented Gradients for Local Patch Robust Representation",
journal = "Proc. Asia-Pacific Signal and Information Processing Association Annual Summit and Conference (APSIPA)",
pages = "196-199",
year  = 2015
}

@article{bib:HI,
  author          = {{Mishel J.Swain and Dana H.Ballard}},
  journal         = {{International Journal of Computer Vision}},
  title           = {{color Indexing}},
  volume          = {7},
  pages           = {11-32},
  year            = {1991}
}

@misc{bib:VIPER,
  author       = "Polhemus",
  title        = "VIPER - Real Time Tracking Redefined - polhemos",
  url = "https://polhemus.com/viper/",
  note         = "参照日:2023/01/15"
}

@misc{bib:ESP32,
  author         = "Espressif",
  title          = "ESP32 Wi-Fi  Bluetooth MCU  Espressif Systems" ,
  url   = "https://www.espressif.com/en/products/socs/esp32",
  note           = "(参照日:2023/01/16)"
}
@misc{bib:Teensy4.0,
  author     = "PJRC",
  title      = "Teensy®4.0 Development Board" ,
  url = "https://www.pjrc.com/store/teensy40.html",
  note = "(参照日:2023/02/08)"

}

@mastersthesis{bib:tremor_suppression,
  author = "日根 優作",
  title  = "手術器具微少振動抑制装置の制御手法に関する研究",
  school = "中央大学院 理工学研究科 電気電子情報通信工学専攻",
  year   = 2022,
  type   = "修士論文"
}

@article{bib:BMFLC-KF,
author = "Yubo Wang and Kalyana C Veluvolu and Minho Lee",
title = "Time-frequency analysis of band-limited EEG with BMFLC and kalman filter for BCI applications",
journal = "NeuroEngineering and Rehabilitation",
volume = 10,
number = 1,
pages = 109,
year  = 2013
}



@book{bib:average_filter,
title  = "ディジタル信号信号処理",
editor  = "小澤 愼治",
year = 1979,
publisher = "実教出版株式会社"
}